@Article{lamport1994latex,
  title={LaTeX: A Document Preparation System},
  author={Lamport, Leslie},
  journal={Addison-Wesley},
  year={1994},
  publisher={Addison-Wesley Longman Publishing Co., Inc.}
}


@book{statistic1,
  title={All of nonparametric statistics},
  author={Larry Wasserman},
  year={2006},
  publisher={Springer Science+Business Media, Inc.}
}
@Book{statistic2,
ALTauthor = {Larry Wasserman},
title = {All of statistics},
publisher = {Springer Science+Business Media, Inc.},
year = {2004},

}

@book{documentR,
  title={The Book of R},
  author={TILMAN M. DAVIES},
  year={2016},
  publisher={William Pollock}
}

@Article{power,
author = {Paul Inbar, Mona Berdugo, Michele Hart, Michael Blythe, Alex Buck, Kesem Sharabi, Maggie Sparkman, Kent Sharkey, David Iseminger, Mohit Patel, },
title = {Qu’est-ce que Power BI ?},
journal = {Microsoft Learn},
year = {2024}
}


@article{dromard2016assessment,
  title={Assessment of the contamination of marine fauna by chlordecone in Guadeloupe and Martinique (Lesser Antilles)},
  author={Dromard, Charlotte R and Bodiguel, Xavier and Lemoine, Soazig and Bouchon-Navaro, Yolande and Reynal, Lionel and Thouard, Emmanuel and Bouchon, Claude},
  journal={Environmental Science and Pollution Research},
  volume={23},
  pages={73--80},
  year={2016},
  publisher={Springer}
}
@article{sanchez2022chlordecone,
  title={Chlord{\'e}cone et biodiversit{\'e} antillaise: une contamination aux effets encore trop m{\'e}connus},
  author={Sanchez, Wilfried and Mamy, Laure and Leenhardt, Sophie and Pesce, St{\'e}phane},
  journal={The Conversation},
  year={2022},
  publisher={The Conversation France Association}
}

@inproceedings{coulis2023contamination,
  title={Contamination du r{\'e}seau trophique du sol par la chlord{\'e}cone d'un agro{\'e}cosyst{\`e}me bananier de Martinique},
  author={Coulis, Mathieu and Senecal, Gael and Devriendt-Renault, Yoann and Parinet, Julien and Gu{\'e}rin, Thierry and Pak, Lai-Ting},
  year={2023}
}
@book{millot2018comprendre,
  title={Comprendre et r{\'e}aliser les tests statistiques {\`a} l'aide de R: manuel de biostatistique},
  author={Millot, Ga{\"e}l},
  year={2018},
  publisher={De Boeck Sup{\'e}rieur}
}

@book{TUFFERY2007,
  title={Data mining et statistique décisionnelle},
  author={Stéphane TUFFERY},
  year={2007},
  publisher={TECHNIP}
}
@article{o2002levene,
  title={Levene tests of homogeneity of variance for general block and treatment designs},
  author={O'Neill, Michael E and Mathews, Ky L},
  journal={Biometrics},
  volume={58},
  number={1},
  pages={216--224},
  year={2002},
  publisher={Oxford University Press}
}